@misc{cabass2024boss,
  title = {{{BOSS Constraints}} on {{Massive Particles}} during {{Inflation}}: {{The Cosmological Collider}} in {{Action}}},
  author = {Cabass, Giovanni and Philcox, Oliver H. E. and Ivanov, Mikhail M. and Akitsu, Kazuyuki and Chen, Shi-Fan and Simonovi{\'c}, Marko and Zaldarriaga, Matias},
  year = {2024},
  number = {arXiv:2404.01894},
  publisher = {arXiv}
}

@article{dalal2008bk,
  title = {Imprints of Primordial Non-{{Gaussianities}} on Large-Scale Structure: {{Scale-dependent}} Bias and Abundance of Virialized Objects},
  author = {Dalal, Neal and Dor{\'e}, Olivier and Huterer, Dragan and Shirokov, Alexander},
  year = {2008},
  journal = {Physical Review D},
  volume = {77},
  number = {12},
  pages = {123514},
  publisher = {American Physical Society},
  doi = {10.1103/PhysRevD.77.123514}
}

@article{feng2016fastpm,
  title = {{{FastPM}}: A New Scheme for Fast Simulations of Dark Matter and Halos},
  author = {Feng, Yu and Chu, Man-Yat and Seljak, Uros and McDonald, Patrick},
  year = {2016},
  journal = {Monthly Notices of the Royal Astronomical Society},
  volume = {463},
  number = {3},
  pages = {2273--2286},
  issn = {0035-8711, 1365-2966},
  doi = {10.1093/mnras/stw2123}
}

@article{guth1981inflation,
  title = {Inflationary Universe: {{A}} Possible Solution to the Horizon and Flatness Problems},
  author = {Guth, Alan H.},
  year = {1981},
  journal = {Physical Review D},
  volume = {23},
  number = {2},
  pages = {347--356},
  issn = {0556-2821},
  doi = {10.1103/PhysRevD.23.347}
}

@article{planck18,
  title = {{\emph{Planck}} 2018 Results: {{VI}}. {{Cosmological}} Parameters},
  author = {{Planck Collaboration} and Aghanim, N. and Akrami, Y. and Ashdown, M. and Aumont, J. and Baccigalupi, C. and Ballardini, M. and Banday, A. J. and Barreiro, R. B. and Bartolo, N. and Basak, S. and Battye, R. and Benabed, K. and Bernard, J.-P. and Bersanelli, M. and Bielewicz, P. and Bock, J. J. and Bond, J. R. and Borrill, J. and Bouchet, F. R. and Boulanger, F. and Bucher, M. and Burigana, C. and Butler, R. C. and Calabrese, E. and Cardoso, J.-F. and Carron, J. and Challinor, A. and Chiang, H. C. and Chluba, J. and Colombo, L. P. L. and Combet, C. and Contreras, D. and Crill, B. P. and Cuttaia, F. and De Bernardis, P. and De Zotti, G. and Delabrouille, J. and Delouis, J.-M. and Di Valentino, E. and Diego, J. M. and Dor{\'e}, O. and Douspis, M. and Ducout, A. and Dupac, X. and Dusini, S. and Efstathiou, G. and Elsner, F. and En{\ss}lin, T. A. and Eriksen, H. K. and Fantaye, Y. and Farhang, M. and Fergusson, J. and {Fernandez-Cobos}, R. and Finelli, F. and Forastieri, F. and Frailis, M. and Fraisse, A. A. and Franceschi, E. and Frolov, A. and Galeotta, S. and Galli, S. and Ganga, K. and {G{\'e}nova-Santos}, R. T. and Gerbino, M. and Ghosh, T. and {Gonz{\'a}lez-Nuevo}, J. and G{\'o}rski, K. M. and Gratton, S. and Gruppuso, A. and Gudmundsson, J. E. and Hamann, J. and Handley, W. and Hansen, F. K. and Herranz, D. and Hildebrandt, S. R. and Hivon, E. and Huang, Z. and Jaffe, A. H. and Jones, W. C. and Karakci, A. and Keih{\"a}nen, E. and Keskitalo, R. and Kiiveri, K. and Kim, J. and Kisner, T. S. and Knox, L. and Krachmalnicoff, N. and Kunz, M. and {Kurki-Suonio}, H. and Lagache, G. and Lamarre, J.-M. and Lasenby, A. and Lattanzi, M. and Lawrence, C. R. and Le Jeune, M. and Lemos, P. and Lesgourgues, J. and Levrier, F. and Lewis, A. and Liguori, M. and Lilje, P. B. and Lilley, M. and Lindholm, V. and {L{\'o}pez-Caniego}, M. and Lubin, P. M. and Ma, Y.-Z. and {Mac{\'i}as-P{\'e}rez}, J. F. and Maggio, G. and Maino, D. and Mandolesi, N. and Mangilli, A. and {Marcos-Caballero}, A. and Maris, M. and Martin, P. G. and Martinelli, M. and {Mart{\'i}nez-Gonz{\'a}lez}, E. and Matarrese, S. and Mauri, N. and McEwen, J. D. and Meinhold, P. R. and Melchiorri, A. and Mennella, A. and Migliaccio, M. and Millea, M. and Mitra, S. and {Miville-Desch{\^e}nes}, M.-A. and Molinari, D. and Montier, L. and Morgante, G. and Moss, A. and Natoli, P. and {N{\o}rgaard-Nielsen}, H. U. and Pagano, L. and Paoletti, D. and Partridge, B. and Patanchon, G. and Peiris, H. V. and Perrotta, F. and Pettorino, V. and Piacentini, F. and Polastri, L. and Polenta, G. and Puget, J.-L. and Rachen, J. P. and Reinecke, M. and Remazeilles, M. and Renzi, A. and Rocha, G. and Rosset, C. and Roudier, G. and {Rubi{\~n}o-Mart{\'i}n}, J. A. and {Ruiz-Granados}, B. and Salvati, L. and Sandri, M. and Savelainen, M. and Scott, D. and Shellard, E. P. S. and Sirignano, C. and Sirri, G. and Spencer, L. D. and Sunyaev, R. and {Suur-Uski}, A.-S. and Tauber, J. A. and Tavagnacco, D. and Tenti, M. and Toffolatti, L. and Tomasi, M. and Trombetti, T. and Valenziano, L. and Valiviita, J. and Van Tent, B. and Vibert, L. and Vielva, P. and Villa, F. and Vittorio, N. and Wandelt, B. D. and Wehus, I. K. and White, M. and White, S. D. M. and Zacchei, A. and Zonca, A.},
  year = {2020},
  journal = {Astronomy \& Astrophysics},
  volume = {641},
  pages = {A6},
  issn = {0004-6361, 1432-0746},
  doi = {10.1051/0004-6361/201833910},
  copyright = {https://www.edpsciences.org/en/authors/copyright-and-licensing}
}

@article{planck2020png,
  title = {Planck 2018 Results: {{IX}}. {{Constraints}} on Primordial Non-{{Gaussianity}}},
  author = {{Planck Collaboration} and Akrami, Y. and Arroja, F. and Ashdown, M. and Aumont, J. and Baccigalupi, C. and Ballardini, M. and Banday, A. J. and Barreiro, R. B. and Bartolo, N. and Basak, S. and Benabed, K. and Bernard, J.-P. and Bersanelli, M. and Bielewicz, P. and Bond, J. R. and Borrill, J. and Bouchet, F. R. and Bucher, M. and Burigana, C. and Butler, R. C. and Calabrese, E. and Cardoso, J.-F. and Casaponsa, B. and Challinor, A. and Chiang, H. C. and Colombo, L. P. L. and Combet, C. and Crill, B. P. and Cuttaia, F. and {de Bernardis}, P. and {de Rosa}, A. and {de Zotti}, G. and Delabrouille, J. and Delouis, J.-M. and Di Valentino, E. and Diego, J. M. and Dor{\'e}, O. and Douspis, M. and Ducout, A. and Dupac, X. and Dusini, S. and Efstathiou, G. and Elsner, F. and En{\ss}lin, T. A. and Eriksen, H. K. and Fantaye, Y. and Fergusson, J. and {Fernandez-Cobos}, R. and Finelli, F. and Frailis, M. and Fraisse, A. A. and Franceschi, E. and Frolov, A. and Galeotta, S. and Galli, S. and Ganga, K. and {G{\'e}nova-Santos}, R. T. and Gerbino, M. and {Gonz{\'a}lez-Nuevo}, J. and G{\'o}rski, K. M. and Gratton, S. and Gruppuso, A. and Gudmundsson, J. E. and Hamann, J. and Handley, W. and Hansen, F. K. and Herranz, D. and Hivon, E. and Huang, Z. and Jaffe, A. H. and Jones, W. C. and Jung, G. and Keih{\"a}nen, E. and Keskitalo, R. and Kiiveri, K. and Kim, J. and Krachmalnicoff, N. and Kunz, M. and {Kurki-Suonio}, H. and Lamarre, J.-M. and Lasenby, A. and Lattanzi, M. and Lawrence, C. R. and Le Jeune, M. and Levrier, F. and Lewis, A. and Liguori, M. and Lilje, P. B. and Lindholm, V. and {L{\'o}pez-Caniego}, M. and Ma, Y.-Z. and {Mac{\'i}as-P{\'e}rez}, J. F. and Maggio, G. and Maino, D. and Mandolesi, N. and {Marcos-Caballero}, A. and Maris, M. and Martin, P. G. and {Mart{\'i}nez-Gonz{\'a}lez}, E. and Matarrese, S. and Mauri, N. and McEwen, J. D. and Meerburg, P. D. and Meinhold, P. R. and Melchiorri, A. and Mennella, A. and Migliaccio, M. and {Miville-Desch{\^e}nes}, M.-A. and Molinari, D. and Moneti, A. and Montier, L. and Morgante, G. and Moss, A. and M{\"u}nchmeyer, M. and Natoli, P. and Oppizzi, F. and Pagano, L. and Paoletti, D. and Partridge, B. and Patanchon, G. and Perrotta, F. and Pettorino, V. and Piacentini, F. and Polenta, G. and Puget, J.-L. and Rachen, J. P. and Racine, B. and Reinecke, M. and Remazeilles, M. and Renzi, A. and Rocha, G. and {Rubi{\~n}o-Mart{\'i}n}, J. A. and {Ruiz-Granados}, B. and Salvati, L. and Savelainen, M. and Scott, D. and Shellard, E. P. S. and Shiraishi, M. and Sirignano, C. and Sirri, G. and Smith, K. and Spencer, L. D. and Stanco, L. and Sunyaev, R. and {Suur-Uski}, A.-S. and Tauber, J. A. and Tavagnacco, D. and Tenti, M. and Toffolatti, L. and Tomasi, M. and Trombetti, T. and Valiviita, J. and Van Tent, B. and Vielva, P. and Villa, F. and Vittorio, N. and Wandelt, B. D. and Wehus, I. K. and Zacchei, A. and Zonca, A.},
  year = {2020},
  journal = {Astronomy \& Astrophysics},
  volume = {641},
  pages = {A9},
  issn = {0004-6361, 1432-0746},
  doi = {10.1051/0004-6361/201935891}
}

@misc{sohn2024CCCMB,
  title = {Searching for {{Cosmological Collider}} in the {{Planck CMB Data}}},
  author = {Sohn, Wuhyun and Wang, Dong-Gang and Fergusson, James R. and Shellard, E. P. S.},
  year = {2024},
  number = {arXiv:2404.07203},
  publisher = {arXiv}
}
